<?xml version="1.0" encoding="UTF-8"?>
<record xmlns="http://www.loc.gov/MARC21/slim">
   <leader>01563cam a2200361 a 4500</leader>
   <controlfield tag="001">443032</controlfield>
   <controlfield tag="003">NjP</controlfield>
   <controlfield tag="005">20171013100319.0</controlfield>
   <controlfield tag="008">880509s1970    ir       b    000 0 ara d</controlfield>
   <datafield tag="024" ind1="7" ind2=" ">
      <subfield code="a">princeton_aco003517</subfield>
      <subfield code="2">local</subfield>
   </datafield>
   <datafield ind1=" " ind2=" " tag="035">
      <subfield code="a">(OCoLC)ocn175984162</subfield>
   </datafield>
   <datafield ind1=" " ind2=" " tag="035">
      <subfield code="a">(OCoLC)25767437</subfield>
   </datafield>
   <datafield ind1=" " ind2=" " tag="040">
      <subfield code="a">NjP</subfield>
      <subfield code="c">PUL</subfield>
      <subfield code="d">PUL</subfield>
   </datafield>
   <datafield ind1=" " ind2=" " tag="035">
      <subfield code="a">(OCoLC)175984162</subfield>
   </datafield>
   <datafield ind1=" " ind2=" " tag="035">
      <subfield code="a">(CStRLIN)NJPG88-B23936</subfield>
   </datafield>
   <datafield ind1=" " ind2=" " tag="035">
      <subfield code="9">ACB8652TS</subfield>
   </datafield>
   <datafield ind1=" " ind2=" " tag="035">
      <subfield code="a">(NjP)443032</subfield>
   </datafield>
   <datafield ind1=" " ind2=" " tag="079">
      <subfield code="a">ocm25767437</subfield>
   </datafield>
   <datafield ind1=" " ind2=" " tag="049">
      <subfield code="a">PULL</subfield>
   </datafield>
   <datafield ind1="1" ind2=" " tag="100">
      <subfield code="6">880-01</subfield>
      <subfield code="a">Muqarram, ʻAbd al-Razzāq.</subfield>
   </datafield>
   <datafield ind1="1" ind2="0" tag="245">
      <subfield code="6">880-02</subfield>
      <subfield code="a">Maqtal al-Ḥusayn, ʻalayhi al-salām /</subfield>
      <subfield code="c">ʻAbd al-Razzāq al-Mūsawī al-Muqarram ; qaddama la-hu Muḥammad Ḥusayn al-Muqarram.</subfield>
   </datafield>
   <datafield ind1=" " ind2=" " tag="260">
      <subfield code="6">880-03</subfield>
      <subfield code="a">Ṭihrān, Īrān :</subfield>
      <subfield code="b">Qism al-Dirāsāt al-Islāmīyah,</subfield>
      <subfield code="c">[1970?]</subfield>
   </datafield>
   <datafield ind1=" " ind2=" " tag="300">
      <subfield code="a">407 p. ;</subfield>
      <subfield code="c">25 cm.</subfield>
   </datafield>
   <datafield ind1=" " ind2=" " tag="504">
      <subfield code="a">Includes bibliographical references.</subfield>
   </datafield>
   <datafield ind1="0" ind2="0" tag="600">
      <subfield code="6">880-04</subfield>
      <subfield code="a">Ḥusayn ibn ʻAlī,</subfield>
      <subfield code="d">-680</subfield>
      <subfield code="0">http://id.loc.gov/authorities/names/n79142777</subfield>
   </datafield>
   <datafield ind1=" " ind2="0" tag="650">
      <subfield code="a">Shiites</subfield>
      <subfield code="x">History.</subfield>
      <subfield code="0">http://id.loc.gov/authorities/subjects/sh2010112938</subfield>
   </datafield>
   <datafield ind1="1" ind2=" " tag="880">
      <subfield code="6">100-01/r</subfield>
      <subfield code="a">مقرم، عبد الرزاق.</subfield>
   </datafield>
   <datafield ind1="1" ind2="0" tag="880">
      <subfield code="6">245-02/r</subfield>
      <subfield code="a">مقتل الحسين، عليه السلام /</subfield>
      <subfield code="c">عبد الرزاق الموسوي المقرم ؛ قدم له محمد حسين المقرم.</subfield>
   </datafield>
   <datafield ind1=" " ind2=" " tag="880">
      <subfield code="6">260-03/r</subfield>
      <subfield code="a">طهران، ايران :</subfield>
      <subfield code="b">قسم الدراسات الاسلامية،</subfield>
      <subfield code="c">[1970؟]</subfield>
   </datafield>
   <datafield ind1="0" ind2="0" tag="880">
      <subfield code="6">600-04/r</subfield>
      <subfield code="a">حسين بن علي،</subfield>
      <subfield code="d">d. 680.</subfield>
   </datafield>
   <datafield ind1=" " ind2=" " tag="998">
      <subfield code="a">04/12/93</subfield>
      <subfield code="s">9118</subfield>
      <subfield code="n">NjP</subfield>
      <subfield code="w">NJPG88B23936</subfield>
      <subfield code="d">05/09/88</subfield>
      <subfield code="c">JEB</subfield>
      <subfield code="b">MWC</subfield>
      <subfield code="i">930412</subfield>
      <subfield code="l">NJPG</subfield>
   </datafield>
   <datafield ind1=" " ind2=" " tag="911">
      <subfield code="a">19930422</subfield>
   </datafield>
   <datafield ind1=" " ind2=" " tag="912">
      <subfield code="a">19930412000000.0</subfield>
   </datafield>
   <datafield ind1=" " ind2=" " tag="994">
      <subfield code="a">C0</subfield>
      <subfield code="b">PUL</subfield>
   </datafield>
   <datafield ind1=" " ind2=" " tag="999">
      <subfield code="a">443032</subfield>
   </datafield>
   <datafield ind1="0" ind2="0" tag="852">
      <subfield code="0">482345</subfield>
      <subfield code="b">rcppa</subfield>
      <subfield code="t">1</subfield>
      <subfield code="h">BP193.13</subfield>
      <subfield code="i">.M862 1970</subfield>
      <subfield code="x">tr fr arab</subfield>
   </datafield>
   <datafield ind1=" " ind2=" " tag="959">
      <subfield code="a">2000-06-13 00:00:00 -0400</subfield>
   </datafield>
</record>
